@article{knuth84,
  author = {Knuth, Donald E.},
  title = {Literate Programming},
  year = {1984},
  issue_date = {May 1984},
  publisher = {Oxford University Press, Inc.},
  address = {USA},
  volume = {27},
  number = {2},
  issn = {0010-4620},
  url = {https://doi.org/10.1093/comjnl/27.2.97},
  doi = {10.1093/comjnl/27.2.97},
  journal = {Comput. J.},
  month = may,
  pages = {97–111},
  numpages = {15}
}



@article{garriga2023,
	title = {Combining clinical notes with structured electronic health records enhances the prediction of mental health crises},
	author = {Garriga, Roger and Buda, Teodora Sandra and Guerreiro, {João} and Iglesias, {Jesús Omaña} and Aguerri, {Iñaki Estella} and {Mati{\'{c}}}, Aleksandar},
	year = {2023},
	month = {11},
	date = {2023-11-21},
	journal = {Cell Reports Medicine},
	volume = {4},
	number = {11},
	doi = {10.1016/j.xcrm.2023.101260},
	url = {https://www.cell.com/cell-reports-medicine/abstract/S2666-3791(23)00437-8},
	note = {Publisher: Elsevier
PMID: 37913776},
	langid = {English}
}
